{
  "id": 135,
  "name": "Aceitunas y encurtidos",
  "order": 9,
  "layout": 1,
  "published": true,
  "is_extended": false,
  "categories": [
    {
      "id": 484,
      "name": "Aceitunas verdes",
      "order": 9,
      "layout": 2,
      "published": true,
      "is_extended": false,
      "image": null,
      "subtitle": null,
      "products": [
        {
          "id": "22910",
          "slug": "aceitunas-manzanilla-rellenas-anchoa-hacendado-pack-3",
          "limit": 999,
          "badges": {
            "is_water": false,
            "requires_age_check": false
          },
          "status": null,
          "packaging": null,
          "published": true,
          "share_url": "https://tienda.mercadona.es/product/22910/aceitunas-manzanilla-rellenas-anchoa-hacendado-pack-3",
          "thumbnail": "https://prod-mercadona.imgix.net/images/cebf2bdc09faf169cfc68aaa68a236e7.jpg?fit=crop&h=300&w=300",
          "categories": [
            {
              "id": 15,
              "name": "Aperitivos",
              "level": 0,
              "order": 9
            }
          ],
          "display_name": "Aceitunas verdes rellenas de anchoa Hacendado",
          "unavailable_from": null,
          "price_instructions": {
            "iva": null,
            "is_new": false,
            "is_pack": true,
            "pack_size": 0.15,
            "unit_name": "botes",
            "unit_size": 1.05,
            "bulk_price": "2.86",
            "unit_price": "3.00",
            "approx_size": false,
            "size_format": "kg",
            "total_units": 3,
            "unit_selector": true,
            "bunch_selector": false,
            "drained_weight": 0.45,
            "selling_method": 0,
            "tax_percentage": "10.000",
            "price_decreased": false,
            "reference_price": "6.667",
            "min_bunch_amount": 1,
            "reference_format": "kg",
            "previous_unit_price": null,
            "increment_bunch_amount": 1
          },
          "unavailable_weekdays": []
        },
        {
          "id": "23217",
          "slug": "aceitunas-manzanilla-rellenas-anchoa-hacendado-pack-3",
          "limit": 999,
          "badges": {
            "is_water": false,
            "requires_age_check": false
          },
          "status": null,
          "packaging": null,
          "published": true,
          "share_url": "https://tienda.mercadona.es/product/23217/aceitunas-manzanilla-rellenas-anchoa-hacendado-pack-3",
          "thumbnail": "https://prod-mercadona.imgix.net/images/6e52471bf17d428d03899310597fa47a.jpg?fit=crop&h=300&w=300",
          "categories": [
            {
              "id": 15,
              "name": "Aperitivos",
              "level": 0,
              "order": 9
            }
          ],
          "display_name": "Aceitunas verdes rellenas de anchoa Hacendado",
          "unavailable_from": null,
          "price_instructions": {
            "iva": null,
            "is_new": false,
            "is_pack": true,
            "pack_size": 0.05,
            "unit_name": "botes",
            "unit_size": 0.36,
            "bulk_price": "5.00",
            "unit_price": "1.80",
            "approx_size": false,
            "size_format": "kg",
            "total_units": 3,
            "unit_selector": true,
            "bunch_selector": false,
            "drained_weight": 0.15,
            "selling_method": 0,
            "tax_percentage": "10.000",
            "price_decreased": false,
            "reference_price": "12.000",
            "min_bunch_amount": 1,
            "reference_format": "kg",
            "previous_unit_price": null,
            "increment_bunch_amount": 1
          },
          "unavailable_weekdays": []
        },
        {
          "id": "22911",
          "slug": "aceitunas-manzanilla-rellenas-anchoa-hacendado-bote",
          "limit": 999,
          "badges": {
            "is_water": false,
            "requires_age_check": false
          },
          "status": null,
          "packaging": "Bote",
          "published": true,
          "share_url": "https://tienda.mercadona.es/product/22911/aceitunas-manzanilla-rellenas-anchoa-hacendado-bote",
          "thumbnail": "https://prod-mercadona.imgix.net/images/cc1ca60ef2986c990f6f235afd216148.jpg?fit=crop&h=300&w=300",
          "categories": [
            {
              "id": 15,
              "name": "Aperitivos",
              "level": 0,
              "order": 9
            }
          ],
          "display_name": "Aceitunas verdes rellenas de anchoa Hacendado",
          "unavailable_from": null,
          "price_instructions": {
            "iva": 10,
            "is_new": false,
            "is_pack": false,
            "pack_size": null,
            "unit_name": null,
            "unit_size": 0.35,
            "bulk_price": "3.00",
            "unit_price": "1.05",
            "approx_size": false,
            "size_format": "kg",
            "total_units": null,
            "unit_selector": true,
            "bunch_selector": false,
            "drained_weight": 0.15,
            "selling_method": 0,
            "tax_percentage": "10.000",
            "price_decreased": false,
            "reference_price": "7.000",
            "min_bunch_amount": 1,
            "reference_format": "kg",
            "previous_unit_price": null,
            "increment_bunch_amount": 1
          },
          "unavailable_weekdays": []
        },
        {
          "id": "33053",
          "slug": "aceitunas-manzanilla-hacendado-sin-hueso-tarro",
          "limit": 999,
          "badges": {
            "is_water": false,
            "requires_age_check": false
          },
          "status": null,
          "packaging": "Tarro",
          "published": true,
          "share_url": "https://tienda.mercadona.es/product/33053/aceitunas-manzanilla-hacendado-sin-hueso-tarro",
          "thumbnail": "https://prod-mercadona.imgix.net/images/d112a5d1ab7a1fb8fa665063447d8167.jpg?fit=crop&h=300&w=300",
          "categories": [
            {
              "id": 15,
              "name": "Aperitivos",
              "level": 0,
              "order": 9
            }
          ],
          "display_name": "Aceitunas verdes sin hueso Hacendado",
          "unavailable_from": null,
          "price_instructions": {
            "iva": 10,
            "is_new": false,
            "is_pack": false,
            "pack_size": null,
            "unit_name": null,
            "unit_size": 0.81,
            "bulk_price": "3.35",
            "unit_price": "2.80",
            "approx_size": false,
            "size_format": "kg",
            "total_units": null,
            "unit_selector": true,
            "bunch_selector": false,
            "drained_weight": 0.4,
            "selling_method": 0,
            "tax_percentage": "10.000",
            "price_decreased": false,
            "reference_price": "7.000",
            "min_bunch_amount": 1,
            "reference_format": "kg",
            "previous_unit_price": null,
            "increment_bunch_amount": 1
          },
          "unavailable_weekdays": []
        },
        {
          "id": "33168",
          "slug": "aceitunas-chupadedos-huerta-barros-partidas-alinadas-con-hueso-tarro",
          "limit": 999,
          "badges": {
            "is_water": false,
            "requires_age_check": false
          },
          "status": null,
          "packaging": "Tarro",
          "published": true,
          "share_url": "https://tienda.mercadona.es/product/33168/aceitunas-chupadedos-huerta-barros-partidas-alinadas-con-hueso-tarro",
          "thumbnail": "https://prod-mercadona.imgix.net/images/2bfaa39c2391c44c6da92a35abb6e1eb.jpg?fit=crop&h=300&w=300",
          "categories": [
            {
              "id": 15,
              "name": "Aperitivos",
              "level": 0,
              "order": 9
            }
          ],
          "display_name": "Aceitunas verdes Chupadedos Huerta de Barros partidas aliñadas",
          "unavailable_from": null,
          "price_instructions": {
            "iva": 10,
            "is_new": false,
            "is_pack": false,
            "pack_size": null,
            "unit_name": null,
            "unit_size": 0.98,
            "bulk_price": "3.47",
            "unit_price": "3.40",
            "approx_size": false,
            "size_format": "kg",
            "total_units": null,
            "unit_selector": true,
            "bunch_selector": false,
            "drained_weight": 0.6,
            "selling_method": 0,
            "tax_percentage": "10.000",
            "price_decreased": false,
            "reference_price": "5.667",
            "min_bunch_amount": 1,
            "reference_format": "kg",
            "previous_unit_price": null,
            "increment_bunch_amount": 1
          },
          "unavailable_weekdays": []
        },
        {
          "id": "80177",
          "slug": "aceitunas-gazpacha-hacendado-con-hueso-tarro",
          "limit": 999,
          "badges": {
            "is_water": false,
            "requires_age_check": false
          },
          "status": null,
          "packaging": "Tarro",
          "published": true,
          "share_url": "https://tienda.mercadona.es/product/80177/aceitunas-gazpacha-hacendado-con-hueso-tarro",
          "thumbnail": "https://prod-mercadona.imgix.net/images/2ca6159e86382b902ad76812992cf802.jpg?fit=crop&h=300&w=300",
          "categories": [
            {
              "id": 15,
              "name": "Aperitivos",
              "level": 0,
              "order": 9
            }
          ],
          "display_name": "Aceitunas verdes Gazpacha Hacendado partidas",
          "unavailable_from": null,
          "price_instructions": {
            "iva": 10,
            "is_new": false,
            "is_pack": false,
            "pack_size": null,
            "unit_name": null,
            "unit_size": 0.835,
            "bulk_price": "2.99",
            "unit_price": "2.50",
            "approx_size": false,
            "size_format": "kg",
            "total_units": null,
            "unit_selector": true,
            "bunch_selector": false,
            "drained_weight": 0.5,
            "selling_method": 0,
            "tax_percentage": "10.000",
            "price_decreased": false,
            "reference_price": "5.000",
            "min_bunch_amount": 1,
            "reference_format": "kg",
            "previous_unit_price": null,
            "increment_bunch_amount": 1
          },
          "unavailable_weekdays": []
        },
        {
          "id": "12764",
          "slug": "aceitunas-verdes-rellenas-anchoa-hacendado-seleccion-bote",
          "limit": 999,
          "badges": {
            "is_water": false,
            "requires_age_check": false
          },
          "status": null,
          "packaging": "Bote",
          "published": true,
          "share_url": "https://tienda.mercadona.es/product/12764/aceitunas-verdes-rellenas-anchoa-hacendado-seleccion-bote",
          "thumbnail": "https://prod-mercadona.imgix.net/images/5c5c1e3a579e445bb5d1d5df540b7799.jpg?fit=crop&h=300&w=300",
          "categories": [
            {
              "id": 15,
              "name": "Aperitivos",
              "level": 0,
              "order": 9
            }
          ],
          "display_name": "Aceitunas verdes rellenas de anchoa Hacendado",
          "unavailable_from": null,
          "price_instructions": {
            "iva": null,
            "is_new": false,
            "is_pack": false,
            "pack_size": null,
            "unit_name": null,
            "unit_size": 0.83,
            "bulk_price": "4.04",
            "unit_price": "3.35",
            "approx_size": false,
            "size_format": "kg",
            "total_units": null,
            "unit_selector": true,
            "bunch_selector": false,
            "drained_weight": 0.35,
            "selling_method": 0,
            "tax_percentage": "10.000",
            "price_decreased": false,
            "reference_price": "9.572",
            "min_bunch_amount": 1,
            "reference_format": "kg",
            "previous_unit_price": null,
            "increment_bunch_amount": 1
          },
          "unavailable_weekdays": []
        },
        {
          "id": "33114",
          "slug": "aceitunas-manzanilla-hacendado-sin-hueso-pack-3",
          "limit": 999,
          "badges": {
            "is_water": false,
            "requires_age_check": false
          },
          "status": null,
          "packaging": null,
          "published": true,
          "share_url": "https://tienda.mercadona.es/product/33114/aceitunas-manzanilla-hacendado-sin-hueso-pack-3",
          "thumbnail": "https://prod-mercadona.imgix.net/images/9c05f2c89e2f3fafdf21f2206ca2a007.jpg?fit=crop&h=300&w=300",
          "categories": [
            {
              "id": 15,
              "name": "Aperitivos",
              "level": 0,
              "order": 9
            }
          ],
          "display_name": "Aceitunas verdes sin hueso Hacendado",
          "unavailable_from": null,
          "price_instructions": {
            "iva": 10,
            "is_new": false,
            "is_pack": true,
            "pack_size": 0.075,
            "unit_name": "paquetes",
            "unit_size": 0.525,
            "bulk_price": "3.24",
            "unit_price": "1.70",
            "approx_size": false,
            "size_format": "kg",
            "total_units": 3,
            "unit_selector": true,
            "bunch_selector": false,
            "drained_weight": 0.225,
            "selling_method": 0,
            "tax_percentage": "10.000",
            "price_decreased": false,
            "reference_price": "7.556",
            "min_bunch_amount": 1,
            "reference_format": "kg",
            "previous_unit_price": null,
            "increment_bunch_amount": 1
          },
          "unavailable_weekdays": []
        },
        {
          "id": "13422",
          "slug": "aceitunas-estilo-caseras-hacendado-alinadas-tarro",
          "limit": 999,
          "badges": {
            "is_water": false,
            "requires_age_check": false
          },
          "status": null,
          "packaging": "Tarro",
          "published": true,
          "share_url": "https://tienda.mercadona.es/product/13422/aceitunas-estilo-caseras-hacendado-alinadas-tarro",
          "thumbnail": "https://prod-mercadona.imgix.net/images/0b6b3e69cf64b9e6102907f8479405bc.jpg?fit=crop&h=300&w=300",
          "categories": [
            {
              "id": 15,
              "name": "Aperitivos",
              "level": 0,
              "order": 9
            }
          ],
          "display_name": "Aceitunas verdes estilo casero Hacendado partidas aliñadas",
          "unavailable_from": null,
          "price_instructions": {
            "iva": null,
            "is_new": false,
            "is_pack": false,
            "pack_size": null,
            "unit_name": null,
            "unit_size": 0.96,
            "bulk_price": "3.01",
            "unit_price": "2.95",
            "approx_size": false,
            "size_format": "kg",
            "total_units": null,
            "unit_selector": true,
            "bunch_selector": false,
            "drained_weight": 0.55,
            "selling_method": 0,
            "tax_percentage": "10.000",
            "price_decreased": false,
            "reference_price": "5.364",
            "min_bunch_amount": 1,
            "reference_format": "kg",
            "previous_unit_price": null,
            "increment_bunch_amount": 1
          },
          "unavailable_weekdays": []
        },
        {
          "id": "33121",
          "slug": "aceitunas-manzanilla-alinadas-hacendado-sin-hueso-tarro",
          "limit": 999,
          "badges": {
            "is_water": false,
            "requires_age_check": false
          },
          "status": null,
          "packaging": "Tarro",
          "published": true,
          "share_url": "https://tienda.mercadona.es/product/33121/aceitunas-manzanilla-alinadas-hacendado-sin-hueso-tarro",
          "thumbnail": "https://prod-mercadona.imgix.net/images/d8ee7929effbce5a6d638b2356f7bfee.jpg?fit=crop&h=300&w=300",
          "categories": [
            {
              "id": 15,
              "name": "Aperitivos",
              "level": 0,
              "order": 9
            }
          ],
          "display_name": "Aceitunas verdes sin hueso aliñadas Hacendado",
          "unavailable_from": null,
          "price_instructions": {
            "iva": 10,
            "is_new": false,
            "is_pack": false,
            "pack_size": null,
            "unit_name": null,
            "unit_size": 0.42,
            "bulk_price": "4.52",
            "unit_price": "1.90",
            "approx_size": false,
            "size_format": "kg",
            "total_units": null,
            "unit_selector": true,
            "bunch_selector": false,
            "drained_weight": 0.2,
            "selling_method": 0,
            "tax_percentage": "10.000",
            "price_decreased": false,
            "reference_price": "9.500",
            "min_bunch_amount": 1,
            "reference_format": "kg",
            "previous_unit_price": null,
            "increment_bunch_amount": 1
          },
          "unavailable_weekdays": []
        },
        {
          "id": "33178",
          "slug": "aceitunas-rellenas-jalapeno-hacendado-bote",
          "limit": 999,
          "badges": {
            "is_water": false,
            "requires_age_check": false
          },
          "status": null,
          "packaging": "Bote",
          "published": true,
          "share_url": "https://tienda.mercadona.es/product/33178/aceitunas-rellenas-jalapeno-hacendado-bote",
          "thumbnail": "https://prod-mercadona.imgix.net/images/f4ec0b556e835d1137c7e3fa224d7453.jpg?fit=crop&h=300&w=300",
          "categories": [
            {
              "id": 15,
              "name": "Aperitivos",
              "level": 0,
              "order": 9
            }
          ],
          "display_name": "Aceitunas verdes rellenas de jalapeño Hacendado",
          "unavailable_from": null,
          "price_instructions": {
            "iva": 10,
            "is_new": false,
            "is_pack": false,
            "pack_size": null,
            "unit_name": null,
            "unit_size": 0.35,
            "bulk_price": "5.00",
            "unit_price": "1.75",
            "approx_size": false,
            "size_format": "kg",
            "total_units": null,
            "unit_selector": true,
            "bunch_selector": false,
            "drained_weight": 0.15,
            "selling_method": 0,
            "tax_percentage": "10.000",
            "price_decreased": false,
            "reference_price": "11.667",
            "min_bunch_amount": 1,
            "reference_format": "kg",
            "previous_unit_price": null,
            "increment_bunch_amount": 1
          },
          "unavailable_weekdays": []
        },
        {
          "id": "33120",
          "slug": "aceitunas-manzanilla-sabor-anchoa-hacendado-con-hueso-calibre-grande-tarro",
          "limit": 999,
          "badges": {
            "is_water": false,
            "requires_age_check": false
          },
          "status": null,
          "packaging": "Tarro",
          "published": true,
          "share_url": "https://tienda.mercadona.es/product/33120/aceitunas-manzanilla-sabor-anchoa-hacendado-con-hueso-calibre-grande-tarro",
          "thumbnail": "https://prod-mercadona.imgix.net/images/c71d15f6144055c39d3ca077844ce7d9.jpg?fit=crop&h=300&w=300",
          "categories": [
            {
              "id": 15,
              "name": "Aperitivos",
              "level": 0,
              "order": 9
            }
          ],
          "display_name": "Aceitunas verdes con hueso Hacendado sabor anchoa",
          "unavailable_from": null,
          "price_instructions": {
            "iva": 10,
            "is_new": false,
            "is_pack": false,
            "pack_size": null,
            "unit_name": null,
            "unit_size": 0.935,
            "bulk_price": "3.14",
            "unit_price": "2.95",
            "approx_size": false,
            "size_format": "kg",
            "total_units": null,
            "unit_selector": true,
            "bunch_selector": false,
            "drained_weight": 0.53,
            "selling_method": 0,
            "tax_percentage": "10.000",
            "price_decreased": false,
            "reference_price": "5.567",
            "min_bunch_amount": 1,
            "reference_format": "kg",
            "previous_unit_price": null,
            "increment_bunch_amount": 1
          },
          "unavailable_weekdays": []
        },
        {
          "id": "33205",
          "slug": "aceitunas-manzanilla-sabor-anchoa-hacendado-con-hueso-calibre-pequeno-tarro",
          "limit": 999,
          "badges": {
            "is_water": false,
            "requires_age_check": false
          },
          "status": null,
          "packaging": "Tarro",
          "published": true,
          "share_url": "https://tienda.mercadona.es/product/33205/aceitunas-manzanilla-sabor-anchoa-hacendado-con-hueso-calibre-pequeno-tarro",
          "thumbnail": "https://prod-mercadona.imgix.net/images/91513eae689c354578ec50919309b97e.jpg?fit=crop&h=300&w=300",
          "categories": [
            {
              "id": 15,
              "name": "Aperitivos",
              "level": 0,
              "order": 9
            }
          ],
          "display_name": "Aceitunas verdes con hueso Hacendado",
          "unavailable_from": null,
          "price_instructions": {
            "iva": 10,
            "is_new": false,
            "is_pack": false,
            "pack_size": null,
            "unit_name": null,
            "unit_size": 0.43,
            "bulk_price": "3.49",
            "unit_price": "1.50",
            "approx_size": false,
            "size_format": "kg",
            "total_units": null,
            "unit_selector": true,
            "bunch_selector": false,
            "drained_weight": 0.25,
            "selling_method": 0,
            "tax_percentage": "10.000",
            "price_decreased": false,
            "reference_price": "6.000",
            "min_bunch_amount": 1,
            "reference_format": "kg",
            "previous_unit_price": null,
            "increment_bunch_amount": 1
          },
          "unavailable_weekdays": []
        },
        {
          "id": "86100",
          "slug": "aceitunas-olives-garcia-partida-con-hueso-bote",
          "limit": 999,
          "badges": {
            "is_water": false,
            "requires_age_check": false
          },
          "status": null,
          "packaging": "Bote",
          "published": true,
          "share_url": "https://tienda.mercadona.es/product/86100/aceitunas-olives-garcia-partida-con-hueso-bote",
          "thumbnail": "https://prod-mercadona.imgix.net/images/9af662b41a4a590fac7d431ed3deeb79.jpg?fit=crop&h=300&w=300",
          "categories": [
            {
              "id": 15,
              "name": "Aperitivos",
              "level": 0,
              "order": 9
            }
          ],
          "display_name": "Aceitunas verdes partidas Olives Garcia",
          "unavailable_from": null,
          "price_instructions": {
            "iva": null,
            "is_new": false,
            "is_pack": false,
            "pack_size": null,
            "unit_name": null,
            "unit_size": 0.815,
            "bulk_price": "4.79",
            "unit_price": "3.90",
            "approx_size": false,
            "size_format": "kg",
            "total_units": null,
            "unit_selector": true,
            "bunch_selector": false,
            "drained_weight": 0.45,
            "selling_method": 0,
            "tax_percentage": "10.000",
            "price_decreased": false,
            "reference_price": "8.667",
            "min_bunch_amount": 1,
            "reference_format": "kg",
            "previous_unit_price": null,
            "increment_bunch_amount": 1
          },
          "unavailable_weekdays": []
        },
        {
          "id": "52622",
          "slug": "aceitunas-picadedos-hacendado-alinadas-sin-hueso-tarro",
          "limit": 999,
          "badges": {
            "is_water": false,
            "requires_age_check": false
          },
          "status": null,
          "packaging": "Tarro",
          "published": true,
          "share_url": "https://tienda.mercadona.es/product/52622/aceitunas-picadedos-hacendado-alinadas-sin-hueso-tarro",
          "thumbnail": "https://prod-mercadona.imgix.net/images/e9d310928ad02dee44fce5133dd68cf9.jpg?fit=crop&h=300&w=300",
          "categories": [
            {
              "id": 15,
              "name": "Aperitivos",
              "level": 0,
              "order": 9
            }
          ],
          "display_name": "Aceitunas verdes Picadedos sin hueso Hacendado aliñadas",
          "unavailable_from": null,
          "price_instructions": {
            "iva": null,
            "is_new": false,
            "is_pack": false,
            "pack_size": null,
            "unit_name": null,
            "unit_size": 0.71,
            "bulk_price": "5.35",
            "unit_price": "3.80",
            "approx_size": false,
            "size_format": "kg",
            "total_units": null,
            "unit_selector": true,
            "bunch_selector": false,
            "drained_weight": 0.35,
            "selling_method": 0,
            "tax_percentage": "10.000",
            "price_decreased": false,
            "reference_price": "10.858",
            "min_bunch_amount": 1,
            "reference_format": "kg",
            "previous_unit_price": null,
            "increment_bunch_amount": 1
          },
          "unavailable_weekdays": []
        },
        {
          "id": "11946",
          "slug": "aceitunas-verdes-rellenas-pepinillo-hacendado-tarro",
          "limit": 999,
          "badges": {
            "is_water": false,
            "requires_age_check": false
          },
          "status": null,
          "packaging": "Tarro",
          "published": true,
          "share_url": "https://tienda.mercadona.es/product/11946/aceitunas-verdes-rellenas-pepinillo-hacendado-tarro",
          "thumbnail": "https://prod-mercadona.imgix.net/images/57d19890e92a963400c1972a9adc7f54.jpg?fit=crop&h=300&w=300",
          "categories": [
            {
              "id": 15,
              "name": "Aperitivos",
              "level": 0,
              "order": 9
            }
          ],
          "display_name": "Aceitunas verdes rellenas de pepinillo Hacendado",
          "unavailable_from": null,
          "price_instructions": {
            "iva": null,
            "is_new": false,
            "is_pack": false,
            "pack_size": null,
            "unit_name": null,
            "unit_size": 0.315,
            "bulk_price": "9.05",
            "unit_price": "2.85",
            "approx_size": false,
            "size_format": "kg",
            "total_units": null,
            "unit_selector": true,
            "bunch_selector": false,
            "drained_weight": 0.15,
            "selling_method": 0,
            "tax_percentage": "10.000",
            "price_decreased": false,
            "reference_price": "19.000",
            "min_bunch_amount": 1,
            "reference_format": "kg",
            "previous_unit_price": null,
            "increment_bunch_amount": 1
          },
          "unavailable_weekdays": []
        },
        {
          "id": "13914",
          "slug": "aceitunas-verdes-rellenas-pimiento-asado-hacendado-bote",
          "limit": 999,
          "badges": {
            "is_water": false,
            "requires_age_check": false
          },
          "status": null,
          "packaging": "Bote",
          "published": true,
          "share_url": "https://tienda.mercadona.es/product/13914/aceitunas-verdes-rellenas-pimiento-asado-hacendado-bote",
          "thumbnail": "https://prod-mercadona.imgix.net/images/836fc86674c08e1f034fdc19a1228d00.jpg?fit=crop&h=300&w=300",
          "categories": [
            {
              "id": 15,
              "name": "Aperitivos",
              "level": 0,
              "order": 9
            }
          ],
          "display_name": "Aceitunas verdes rellenas de pimiento asado Hacendado",
          "unavailable_from": null,
          "price_instructions": {
            "iva": null,
            "is_new": false,
            "is_pack": false,
            "pack_size": null,
            "unit_name": null,
            "unit_size": 0.35,
            "bulk_price": "5.00",
            "unit_price": "1.75",
            "approx_size": false,
            "size_format": "kg",
            "total_units": null,
            "unit_selector": true,
            "bunch_selector": false,
            "drained_weight": 0.2,
            "selling_method": 0,
            "tax_percentage": "10.000",
            "price_decreased": false,
            "reference_price": "8.750",
            "min_bunch_amount": 1,
            "reference_format": "kg",
            "previous_unit_price": null,
            "increment_bunch_amount": 1
          },
          "unavailable_weekdays": []
        }
      ]
    },
    {
      "id": 486,
      "name": "Aceitunas negras",
      "order": 9,
      "layout": 2,
      "published": true,
      "is_extended": false,
      "image": null,
      "subtitle": null,
      "products": [
        {
          "id": "52734",
          "slug": "aceitunas-negras-hacendado-sin-hueso-bote",
          "limit": 999,
          "badges": {
            "is_water": false,
            "requires_age_check": false
          },
          "status": null,
          "packaging": "Bote",
          "published": true,
          "share_url": "https://tienda.mercadona.es/product/52734/aceitunas-negras-hacendado-sin-hueso-bote",
          "thumbnail": "https://prod-mercadona.imgix.net/images/8ea381beaef3459b5bc9a08d9eabf509.jpg?fit=crop&h=300&w=300",
          "categories": [
            {
              "id": 15,
              "name": "Aperitivos",
              "level": 0,
              "order": 9
            }
          ],
          "display_name": "Aceitunas negras sin hueso Hacendado",
          "unavailable_from": null,
          "price_instructions": {
            "iva": 10,
            "is_new": false,
            "is_pack": false,
            "pack_size": null,
            "unit_name": null,
            "unit_size": 0.35,
            "bulk_price": "3.00",
            "unit_price": "1.05",
            "approx_size": false,
            "size_format": "kg",
            "total_units": null,
            "unit_selector": true,
            "bunch_selector": false,
            "drained_weight": 0.15,
            "selling_method": 0,
            "tax_percentage": "10.000",
            "price_decreased": false,
            "reference_price": "7.000",
            "min_bunch_amount": 1,
            "reference_format": "kg",
            "previous_unit_price": null,
            "increment_bunch_amount": 1
          },
          "unavailable_weekdays": []
        },
        {
          "id": "52733",
          "slug": "aceitunas-negras-hacendado-sin-hueso-pack-3",
          "limit": 999,
          "badges": {
            "is_water": false,
            "requires_age_check": false
          },
          "status": null,
          "packaging": null,
          "published": true,
          "share_url": "https://tienda.mercadona.es/product/52733/aceitunas-negras-hacendado-sin-hueso-pack-3",
          "thumbnail": "https://prod-mercadona.imgix.net/images/1bfe0d0a138138e33e66a6e70f8b483a.jpg?fit=crop&h=300&w=300",
          "categories": [
            {
              "id": 15,
              "name": "Aperitivos",
              "level": 0,
              "order": 9
            }
          ],
          "display_name": "Aceitunas negras sin hueso Hacendado",
          "unavailable_from": null,
          "price_instructions": {
            "iva": 10,
            "is_new": false,
            "is_pack": true,
            "pack_size": 0.15,
            "unit_name": "botes",
            "unit_size": 1.05,
            "bulk_price": "2.86",
            "unit_price": "3.00",
            "approx_size": false,
            "size_format": "kg",
            "total_units": 3,
            "unit_selector": true,
            "bunch_selector": false,
            "drained_weight": 0.45,
            "selling_method": 0,
            "tax_percentage": "10.000",
            "price_decreased": false,
            "reference_price": "6.667",
            "min_bunch_amount": 1,
            "reference_format": "kg",
            "previous_unit_price": null,
            "increment_bunch_amount": 1
          },
          "unavailable_weekdays": []
        },
        {
          "id": "21756",
          "slug": "aceitunas-negras-naturales-aragon-campo-nature-tarro",
          "limit": 999,
          "badges": {
            "is_water": false,
            "requires_age_check": false
          },
          "status": null,
          "packaging": "Tarro",
          "published": true,
          "share_url": "https://tienda.mercadona.es/product/21756/aceitunas-negras-naturales-aragon-campo-nature-tarro",
          "thumbnail": "https://prod-mercadona.imgix.net/images/c59fcbd3d037e049b7ef909a2bb6c516.jpg?fit=crop&h=300&w=300",
          "categories": [
            {
              "id": 15,
              "name": "Aperitivos",
              "level": 0,
              "order": 9
            }
          ],
          "display_name": "Aceitunas negras de Aragón Campo Nature",
          "unavailable_from": null,
          "price_instructions": {
            "iva": 10,
            "is_new": false,
            "is_pack": false,
            "pack_size": null,
            "unit_name": null,
            "unit_size": 0.2,
            "bulk_price": "12.50",
            "unit_price": "2.50",
            "approx_size": false,
            "size_format": "kg",
            "total_units": null,
            "unit_selector": true,
            "bunch_selector": false,
            "drained_weight": null,
            "selling_method": 0,
            "tax_percentage": "10.000",
            "price_decreased": false,
            "reference_price": "12.500",
            "min_bunch_amount": 1,
            "reference_format": "kg",
            "previous_unit_price": null,
            "increment_bunch_amount": 1
          },
          "unavailable_weekdays": []
        },
        {
          "id": "8309",
          "slug": "aceitunas-negras-hacendado-rodajas",
          "limit": 999,
          "badges": {
            "is_water": false,
            "requires_age_check": false
          },
          "status": null,
          "packaging": null,
          "published": true,
          "share_url": "https://tienda.mercadona.es/product/8309/aceitunas-negras-hacendado-rodajas",
          "thumbnail": "https://prod-mercadona.imgix.net/images/4cc12679f0a56049713fc09731163d79.jpg?fit=crop&h=300&w=300",
          "categories": [
            {
              "id": 15,
              "name": "Aperitivos",
              "level": 0,
              "order": 9
            }
          ],
          "display_name": "Aceitunas negras en rodajas Hacendado",
          "unavailable_from": null,
          "price_instructions": {
            "iva": 10,
            "is_new": false,
            "is_pack": true,
            "pack_size": 0.037,
            "unit_name": "botes",
            "unit_size": 0.148,
            "bulk_price": "13.51",
            "unit_price": "2.00",
            "approx_size": false,
            "size_format": "kg",
            "total_units": 4,
            "unit_selector": true,
            "bunch_selector": false,
            "drained_weight": null,
            "selling_method": 0,
            "tax_percentage": "10.000",
            "price_decreased": false,
            "reference_price": "13.514",
            "min_bunch_amount": 1,
            "reference_format": "kg",
            "previous_unit_price": null,
            "increment_bunch_amount": 1
          },
          "unavailable_weekdays": []
        }
      ]
    },
    {
      "id": 488,
      "name": "Cóctel y banderillas",
      "order": 9,
      "layout": 2,
      "published": true,
      "is_extended": false,
      "image": null,
      "subtitle": null,
      "products": [
        {
          "id": "33235",
          "slug": "banderillas-picantes-hacendado-tarro",
          "limit": 999,
          "badges": {
            "is_water": false,
            "requires_age_check": false
          },
          "status": null,
          "packaging": "Tarro",
          "published": true,
          "share_url": "https://tienda.mercadona.es/product/33235/banderillas-picantes-hacendado-tarro",
          "thumbnail": "https://prod-mercadona.imgix.net/images/9cbb99cc40200fe9ea12c13e3cbb7b8c.jpg?fit=crop&h=300&w=300",
          "categories": [
            {
              "id": 15,
              "name": "Aperitivos",
              "level": 0,
              "order": 9
            }
          ],
          "display_name": "Banderillas picantes Hacendado",
          "unavailable_from": null,
          "price_instructions": {
            "iva": 10,
            "is_new": false,
            "is_pack": false,
            "pack_size": null,
            "unit_name": null,
            "unit_size": 0.345,
            "bulk_price": "4.93",
            "unit_price": "1.70",
            "approx_size": false,
            "size_format": "kg",
            "total_units": null,
            "unit_selector": true,
            "bunch_selector": false,
            "drained_weight": 0.16,
            "selling_method": 0,
            "tax_percentage": "10.000",
            "price_decreased": false,
            "reference_price": "10.625",
            "min_bunch_amount": 1,
            "reference_format": "kg",
            "previous_unit_price": null,
            "increment_bunch_amount": 1
          },
          "unavailable_weekdays": []
        },
        {
          "id": "22154",
          "slug": "banderillas-dulces-hacendado-vinagre-tarro",
          "limit": 999,
          "badges": {
            "is_water": false,
            "requires_age_check": false
          },
          "status": null,
          "packaging": "Tarro",
          "published": true,
          "share_url": "https://tienda.mercadona.es/product/22154/banderillas-dulces-hacendado-vinagre-tarro",
          "thumbnail": "https://prod-mercadona.imgix.net/images/1549f331c44f539a8cf0925c4cc50fc5.jpg?fit=crop&h=300&w=300",
          "categories": [
            {
              "id": 15,
              "name": "Aperitivos",
              "level": 0,
              "order": 9
            }
          ],
          "display_name": "Banderillas dulces Hacendado",
          "unavailable_from": null,
          "price_instructions": {
            "iva": 10,
            "is_new": false,
            "is_pack": false,
            "pack_size": null,
            "unit_name": null,
            "unit_size": 0.345,
            "bulk_price": "4.93",
            "unit_price": "1.70",
            "approx_size": false,
            "size_format": "kg",
            "total_units": null,
            "unit_selector": true,
            "bunch_selector": false,
            "drained_weight": 0.16,
            "selling_method": 0,
            "tax_percentage": "10.000",
            "price_decreased": false,
            "reference_price": "10.625",
            "min_bunch_amount": 1,
            "reference_format": "kg",
            "previous_unit_price": null,
            "increment_bunch_amount": 1
          },
          "unavailable_weekdays": []
        },
        {
          "id": "73331",
          "slug": "mix-encurtidos-hacendado-tarro",
          "limit": 999,
          "badges": {
            "is_water": false,
            "requires_age_check": false
          },
          "status": null,
          "packaging": "Tarro",
          "published": true,
          "share_url": "https://tienda.mercadona.es/product/73331/mix-encurtidos-hacendado-tarro",
          "thumbnail": "https://prod-mercadona.imgix.net/images/652fcbb03c96574ce7fd64b4ca529a27.jpg?fit=crop&h=300&w=300",
          "categories": [
            {
              "id": 15,
              "name": "Aperitivos",
              "level": 0,
              "order": 9
            }
          ],
          "display_name": "Mix de encurtidos Hacendado",
          "unavailable_from": null,
          "price_instructions": {
            "iva": 10,
            "is_new": false,
            "is_pack": false,
            "pack_size": null,
            "unit_name": null,
            "unit_size": 0.67,
            "bulk_price": "3.96",
            "unit_price": "2.65",
            "approx_size": false,
            "size_format": "kg",
            "total_units": null,
            "unit_selector": true,
            "bunch_selector": false,
            "drained_weight": 0.37,
            "selling_method": 0,
            "tax_percentage": "10.000",
            "price_decreased": false,
            "reference_price": "7.163",
            "min_bunch_amount": 1,
            "reference_format": "kg",
            "previous_unit_price": null,
            "increment_bunch_amount": 1
          },
          "unavailable_weekdays": []
        },
        {
          "id": "60320",
          "slug": "banderillas-gildas-hacendado-pinchos-anchoa-aceite-girasol-paquete",
          "limit": 999,
          "badges": {
            "is_water": false,
            "requires_age_check": false
          },
          "status": null,
          "packaging": "Paquete",
          "published": true,
          "share_url": "https://tienda.mercadona.es/product/60320/banderillas-gildas-hacendado-pinchos-anchoa-aceite-girasol-paquete",
          "thumbnail": "https://prod-mercadona.imgix.net/images/ddc8f1f4de0177665168723570138918.jpg?fit=crop&h=300&w=300",
          "categories": [
            {
              "id": 15,
              "name": "Aperitivos",
              "level": 0,
              "order": 9
            }
          ],
          "display_name": "Banderillas Gildas Hacendado pinchos de aceituna, anchoa y guindilla",
          "unavailable_from": null,
          "price_instructions": {
            "iva": 10,
            "is_new": false,
            "is_pack": false,
            "pack_size": null,
            "unit_name": "ud.",
            "unit_size": 0.125,
            "bulk_price": "18.40",
            "unit_price": "2.30",
            "approx_size": false,
            "size_format": "kg",
            "total_units": 4,
            "unit_selector": true,
            "bunch_selector": false,
            "drained_weight": 0.075,
            "selling_method": 0,
            "tax_percentage": "10.000",
            "price_decreased": false,
            "reference_price": "18.400",
            "min_bunch_amount": 1,
            "reference_format": "kg",
            "previous_unit_price": null,
            "increment_bunch_amount": 1
          },
          "unavailable_weekdays": []
        }
      ]
    },
    {
      "id": 489,
      "name": "Pepinillos y otros encurtidos",
      "order": 9,
      "layout": 2,
      "published": true,
      "is_extended": false,
      "image": null,
      "subtitle": null,
      "products": [
        {
          "id": "29540",
          "slug": "pepinillos-pequenos-hacendado-tarro",
          "limit": 999,
          "badges": {
            "is_water": false,
            "requires_age_check": false
          },
          "status": null,
          "packaging": "Tarro",
          "published": true,
          "share_url": "https://tienda.mercadona.es/product/29540/pepinillos-pequenos-hacendado-tarro",
          "thumbnail": "https://prod-mercadona.imgix.net/images/4d0e46838aa3a6ee68e3f488aa38500c.jpg?fit=crop&h=300&w=300",
          "categories": [
            {
              "id": 15,
              "name": "Aperitivos",
              "level": 0,
              "order": 9
            }
          ],
          "display_name": "Pepinillos pequeños Hacendado",
          "unavailable_from": null,
          "price_instructions": {
            "iva": null,
            "is_new": false,
            "is_pack": false,
            "pack_size": null,
            "unit_name": null,
            "unit_size": 0.4,
            "bulk_price": "3.69",
            "unit_price": "1.55",
            "approx_size": false,
            "size_format": "kg",
            "total_units": null,
            "unit_selector": true,
            "bunch_selector": false,
            "drained_weight": 0.23,
            "selling_method": 0,
            "tax_percentage": "10.000",
            "price_decreased": false,
            "reference_price": "6.740",
            "min_bunch_amount": 1,
            "reference_format": "kg",
            "previous_unit_price": null,
            "increment_bunch_amount": 1
          },
          "unavailable_weekdays": []
        },
        {
          "id": "33136",
          "slug": "altramuces-hacendado-tarro",
          "limit": 999,
          "badges": {
            "is_water": false,
            "requires_age_check": false
          },
          "status": null,
          "packaging": "Tarro",
          "published": true,
          "share_url": "https://tienda.mercadona.es/product/33136/altramuces-hacendado-tarro",
          "thumbnail": "https://prod-mercadona.imgix.net/images/3bd320aac32dbccb97c0ac590a74dbf2.jpg?fit=crop&h=300&w=300",
          "categories": [
            {
              "id": 15,
              "name": "Aperitivos",
              "level": 0,
              "order": 9
            }
          ],
          "display_name": "Altramuces Hacendado",
          "unavailable_from": null,
          "price_instructions": {
            "iva": 10,
            "is_new": false,
            "is_pack": false,
            "pack_size": null,
            "unit_name": null,
            "unit_size": 0.69,
            "bulk_price": "2.54",
            "unit_price": "1.75",
            "approx_size": false,
            "size_format": "kg",
            "total_units": null,
            "unit_selector": true,
            "bunch_selector": false,
            "drained_weight": 0.44,
            "selling_method": 0,
            "tax_percentage": "10.000",
            "price_decreased": false,
            "reference_price": "3.978",
            "min_bunch_amount": 1,
            "reference_format": "kg",
            "previous_unit_price": null,
            "increment_bunch_amount": 1
          },
          "unavailable_weekdays": []
        },
        {
          "id": "33190",
          "slug": "alcaparras-hacendado-vinagre-tarro",
          "limit": 999,
          "badges": {
            "is_water": false,
            "requires_age_check": false
          },
          "status": null,
          "packaging": "Tarro",
          "published": true,
          "share_url": "https://tienda.mercadona.es/product/33190/alcaparras-hacendado-vinagre-tarro",
          "thumbnail": "https://prod-mercadona.imgix.net/images/a01fa3585c32b713ea490fe9c4463f61.jpg?fit=crop&h=300&w=300",
          "categories": [
            {
              "id": 15,
              "name": "Aperitivos",
              "level": 0,
              "order": 9
            }
          ],
          "display_name": "Alcaparras Hacendado",
          "unavailable_from": null,
          "price_instructions": {
            "iva": 10,
            "is_new": false,
            "is_pack": false,
            "pack_size": null,
            "unit_name": null,
            "unit_size": 0.135,
            "bulk_price": "10.00",
            "unit_price": "1.35",
            "approx_size": false,
            "size_format": "kg",
            "total_units": null,
            "unit_selector": true,
            "bunch_selector": false,
            "drained_weight": 0.08,
            "selling_method": 0,
            "tax_percentage": "10.000",
            "price_decreased": false,
            "reference_price": "16.875",
            "min_bunch_amount": 1,
            "reference_format": "kg",
            "previous_unit_price": null,
            "increment_bunch_amount": 1
          },
          "unavailable_weekdays": []
        },
        {
          "id": "4868",
          "slug": "picadillo-variantes-hacendado-tarro",
          "limit": 999,
          "badges": {
            "is_water": false,
            "requires_age_check": false
          },
          "status": null,
          "packaging": "Tarro",
          "published": true,
          "share_url": "https://tienda.mercadona.es/product/4868/picadillo-variantes-hacendado-tarro",
          "thumbnail": "https://prod-mercadona.imgix.net/images/40bbf18ad7d4a74e809376e71f7c8bf3.jpg?fit=crop&h=300&w=300",
          "categories": [
            {
              "id": 15,
              "name": "Aperitivos",
              "level": 0,
              "order": 9
            }
          ],
          "display_name": "Picadillo de variantes Hacendado",
          "unavailable_from": null,
          "price_instructions": {
            "iva": 10,
            "is_new": false,
            "is_pack": false,
            "pack_size": null,
            "unit_name": null,
            "unit_size": 0.42,
            "bulk_price": "5.00",
            "unit_price": "2.10",
            "approx_size": false,
            "size_format": "kg",
            "total_units": null,
            "unit_selector": true,
            "bunch_selector": false,
            "drained_weight": 0.25,
            "selling_method": 0,
            "tax_percentage": "10.000",
            "price_decreased": false,
            "reference_price": "8.400",
            "min_bunch_amount": 1,
            "reference_format": "kg",
            "previous_unit_price": null,
            "increment_bunch_amount": 1
          },
          "unavailable_weekdays": []
        },
        {
          "id": "33141",
          "slug": "cebollitas-hacendado-tarro",
          "limit": 999,
          "badges": {
            "is_water": false,
            "requires_age_check": false
          },
          "status": null,
          "packaging": "Tarro",
          "published": true,
          "share_url": "https://tienda.mercadona.es/product/33141/cebollitas-hacendado-tarro",
          "thumbnail": "https://prod-mercadona.imgix.net/images/5efffd58a4bc0a520d237f36c004a397.jpg?fit=crop&h=300&w=300",
          "categories": [
            {
              "id": 15,
              "name": "Aperitivos",
              "level": 0,
              "order": 9
            }
          ],
          "display_name": "Cebollitas Hacendado",
          "unavailable_from": null,
          "price_instructions": {
            "iva": null,
            "is_new": false,
            "is_pack": false,
            "pack_size": null,
            "unit_name": null,
            "unit_size": 0.35,
            "bulk_price": "4.71",
            "unit_price": "1.65",
            "approx_size": false,
            "size_format": "kg",
            "total_units": null,
            "unit_selector": true,
            "bunch_selector": false,
            "drained_weight": 0.19,
            "selling_method": 0,
            "tax_percentage": "10.000",
            "price_decreased": false,
            "reference_price": "8.685",
            "min_bunch_amount": 1,
            "reference_format": "kg",
            "previous_unit_price": null,
            "increment_bunch_amount": 1
          },
          "unavailable_weekdays": []
        },
        {
          "id": "15966",
          "slug": "guindillas-picantes-hacendado-tarro",
          "limit": 999,
          "badges": {
            "is_water": false,
            "requires_age_check": false
          },
          "status": null,
          "packaging": "Tarro",
          "published": true,
          "share_url": "https://tienda.mercadona.es/product/15966/guindillas-picantes-hacendado-tarro",
          "thumbnail": "https://prod-mercadona.imgix.net/images/dde9b888567d640cd12abbed15ea7fa2.jpg?fit=crop&h=300&w=300",
          "categories": [
            {
              "id": 15,
              "name": "Aperitivos",
              "level": 0,
              "order": 9
            }
          ],
          "display_name": "Guindillas picantes Hacendado",
          "unavailable_from": null,
          "price_instructions": {
            "iva": 10,
            "is_new": false,
            "is_pack": false,
            "pack_size": null,
            "unit_name": null,
            "unit_size": 0.29,
            "bulk_price": "5.34",
            "unit_price": "1.55",
            "approx_size": false,
            "size_format": "kg",
            "total_units": null,
            "unit_selector": true,
            "bunch_selector": false,
            "drained_weight": 0.13,
            "selling_method": 0,
            "tax_percentage": "10.000",
            "price_decreased": false,
            "reference_price": "11.924",
            "min_bunch_amount": 1,
            "reference_format": "kg",
            "previous_unit_price": null,
            "increment_bunch_amount": 1
          },
          "unavailable_weekdays": []
        },
        {
          "id": "33022",
          "slug": "ajos-alinados-hacendado-tarro",
          "limit": 999,
          "badges": {
            "is_water": false,
            "requires_age_check": false
          },
          "status": null,
          "packaging": "Tarro",
          "published": true,
          "share_url": "https://tienda.mercadona.es/product/33022/ajos-alinados-hacendado-tarro",
          "thumbnail": "https://prod-mercadona.imgix.net/images/30b5f57aec2f0e9206dcd1ba0fe9740d.jpg?fit=crop&h=300&w=300",
          "categories": [
            {
              "id": 15,
              "name": "Aperitivos",
              "level": 0,
              "order": 9
            }
          ],
          "display_name": "Ajos aliñados Hacendado",
          "unavailable_from": null,
          "price_instructions": {
            "iva": 10,
            "is_new": false,
            "is_pack": false,
            "pack_size": null,
            "unit_name": null,
            "unit_size": 0.345,
            "bulk_price": "7.54",
            "unit_price": "2.60",
            "approx_size": false,
            "size_format": "kg",
            "total_units": null,
            "unit_selector": true,
            "bunch_selector": false,
            "drained_weight": 0.235,
            "selling_method": 0,
            "tax_percentage": "10.000",
            "price_decreased": false,
            "reference_price": "11.064",
            "min_bunch_amount": 1,
            "reference_format": "kg",
            "previous_unit_price": null,
            "increment_bunch_amount": 1
          },
          "unavailable_weekdays": []
        },
        {
          "id": "33189",
          "slug": "jalapenos-picantes-hacendado-vinagre-tarro",
          "limit": 999,
          "badges": {
            "is_water": false,
            "requires_age_check": false
          },
          "status": null,
          "packaging": "Tarro",
          "published": true,
          "share_url": "https://tienda.mercadona.es/product/33189/jalapenos-picantes-hacendado-vinagre-tarro",
          "thumbnail": "https://prod-mercadona.imgix.net/images/d5f83482523f5b5860d59fdf2711c9b2.jpg?fit=crop&h=300&w=300",
          "categories": [
            {
              "id": 15,
              "name": "Aperitivos",
              "level": 0,
              "order": 9
            }
          ],
          "display_name": "Jalapeños picantes en vinagre Hacendado",
          "unavailable_from": null,
          "price_instructions": {
            "iva": 10,
            "is_new": false,
            "is_pack": false,
            "pack_size": null,
            "unit_name": null,
            "unit_size": 0.135,
            "bulk_price": "12.22",
            "unit_price": "1.65",
            "approx_size": false,
            "size_format": "kg",
            "total_units": null,
            "unit_selector": true,
            "bunch_selector": false,
            "drained_weight": 0.06,
            "selling_method": 0,
            "tax_percentage": "10.000",
            "price_decreased": false,
            "reference_price": "27.500",
            "min_bunch_amount": 1,
            "reference_format": "kg",
            "previous_unit_price": null,
            "increment_bunch_amount": 1
          },
          "unavailable_weekdays": []
        },
        {
          "id": "33026",
          "slug": "mix-pepinillos-cebollitas-hacendado-tarro",
          "limit": 999,
          "badges": {
            "is_water": false,
            "requires_age_check": false
          },
          "status": null,
          "packaging": "Tarro",
          "published": true,
          "share_url": "https://tienda.mercadona.es/product/33026/mix-pepinillos-cebollitas-hacendado-tarro",
          "thumbnail": "https://prod-mercadona.imgix.net/images/514932d49e6bf9d404520b71bb8b5267.jpg?fit=crop&h=300&w=300",
          "categories": [
            {
              "id": 15,
              "name": "Aperitivos",
              "level": 0,
              "order": 9
            }
          ],
          "display_name": "Mix de pepinillos y cebollitas Hacendado",
          "unavailable_from": null,
          "price_instructions": {
            "iva": null,
            "is_new": false,
            "is_pack": false,
            "pack_size": null,
            "unit_name": null,
            "unit_size": 0.67,
            "bulk_price": "2.91",
            "unit_price": "1.95",
            "approx_size": false,
            "size_format": "kg",
            "total_units": null,
            "unit_selector": true,
            "bunch_selector": false,
            "drained_weight": 0.37,
            "selling_method": 0,
            "tax_percentage": "10.000",
            "price_decreased": false,
            "reference_price": "5.271",
            "min_bunch_amount": 1,
            "reference_format": "kg",
            "previous_unit_price": null,
            "increment_bunch_amount": 1
          },
          "unavailable_weekdays": []
        },
        {
          "id": "15967",
          "slug": "piparra-hacendado-tarro",
          "limit": 999,
          "badges": {
            "is_water": false,
            "requires_age_check": false
          },
          "status": null,
          "packaging": "Tarro",
          "published": true,
          "share_url": "https://tienda.mercadona.es/product/15967/piparra-hacendado-tarro",
          "thumbnail": "https://prod-mercadona.imgix.net/images/497d8158f14ebc82915a786d47420a00.jpg?fit=crop&h=300&w=300",
          "categories": [
            {
              "id": 15,
              "name": "Aperitivos",
              "level": 0,
              "order": 9
            }
          ],
          "display_name": "Piparra Hacendado",
          "unavailable_from": null,
          "price_instructions": {
            "iva": null,
            "is_new": false,
            "is_pack": false,
            "pack_size": null,
            "unit_name": null,
            "unit_size": 0.29,
            "bulk_price": "9.66",
            "unit_price": "2.80",
            "approx_size": false,
            "size_format": "kg",
            "total_units": null,
            "unit_selector": true,
            "bunch_selector": false,
            "drained_weight": 0.13,
            "selling_method": 0,
            "tax_percentage": "10.000",
            "price_decreased": false,
            "reference_price": "21.539",
            "min_bunch_amount": 1,
            "reference_format": "kg",
            "previous_unit_price": null,
            "increment_bunch_amount": 1
          },
          "unavailable_weekdays": []
        },
        {
          "id": "5480",
          "slug": "pepinillos-agridulces-hacendado-calibre-grande-tarro",
          "limit": 999,
          "badges": {
            "is_water": false,
            "requires_age_check": false
          },
          "status": null,
          "packaging": "Tarro",
          "published": true,
          "share_url": "https://tienda.mercadona.es/product/5480/pepinillos-agridulces-hacendado-calibre-grande-tarro",
          "thumbnail": "https://prod-mercadona.imgix.net/images/b7077958ad551c3f823ac44034cd1f67.jpg?fit=crop&h=300&w=300",
          "categories": [
            {
              "id": 15,
              "name": "Aperitivos",
              "level": 0,
              "order": 9
            }
          ],
          "display_name": "Pepinillos agridulces Hacendado",
          "unavailable_from": null,
          "price_instructions": {
            "iva": null,
            "is_new": false,
            "is_pack": false,
            "pack_size": null,
            "unit_name": null,
            "unit_size": 0.67,
            "bulk_price": "2.39",
            "unit_price": "1.60",
            "approx_size": false,
            "size_format": "kg",
            "total_units": null,
            "unit_selector": true,
            "bunch_selector": false,
            "drained_weight": 0.36,
            "selling_method": 0,
            "tax_percentage": "10.000",
            "price_decreased": false,
            "reference_price": "4.445",
            "min_bunch_amount": 1,
            "reference_format": "kg",
            "previous_unit_price": null,
            "increment_bunch_amount": 1
          },
          "unavailable_weekdays": []
        },
        {
          "id": "11565",
          "slug": "pepinillos-vinagre-hacendado-tarro",
          "limit": 999,
          "badges": {
            "is_water": false,
            "requires_age_check": false
          },
          "status": null,
          "packaging": "Tarro",
          "published": true,
          "share_url": "https://tienda.mercadona.es/product/11565/pepinillos-vinagre-hacendado-tarro",
          "thumbnail": "https://prod-mercadona.imgix.net/images/d0f57c8e5ff716eea1edd230a0d214f7.jpg?fit=crop&h=300&w=300",
          "categories": [
            {
              "id": 15,
              "name": "Aperitivos",
              "level": 0,
              "order": 9
            }
          ],
          "display_name": "Pepinillos en vinagre Hacendado",
          "unavailable_from": null,
          "price_instructions": {
            "iva": null,
            "is_new": false,
            "is_pack": false,
            "pack_size": null,
            "unit_name": null,
            "unit_size": 0.42,
            "bulk_price": "3.45",
            "unit_price": "1.45",
            "approx_size": false,
            "size_format": "kg",
            "total_units": null,
            "unit_selector": true,
            "bunch_selector": false,
            "drained_weight": 0.23,
            "selling_method": 0,
            "tax_percentage": "10.000",
            "price_decreased": false,
            "reference_price": "6.305",
            "min_bunch_amount": 1,
            "reference_format": "kg",
            "previous_unit_price": null,
            "increment_bunch_amount": 1
          },
          "unavailable_weekdays": []
        },
        {
          "id": "14474",
          "slug": "pepinillos-agridulces-hacendado-calibre-pequeno-tarro",
          "limit": 999,
          "badges": {
            "is_water": false,
            "requires_age_check": false
          },
          "status": null,
          "packaging": "Tarro",
          "published": true,
          "share_url": "https://tienda.mercadona.es/product/14474/pepinillos-agridulces-hacendado-calibre-pequeno-tarro",
          "thumbnail": "https://prod-mercadona.imgix.net/images/e1db86b80a746f1f0d91b3e09cb54c49.jpg?fit=crop&h=300&w=300",
          "categories": [
            {
              "id": 15,
              "name": "Aperitivos",
              "level": 0,
              "order": 9
            }
          ],
          "display_name": "Pepinillos agridulces Hacendado",
          "unavailable_from": null,
          "price_instructions": {
            "iva": 10,
            "is_new": false,
            "is_pack": false,
            "pack_size": null,
            "unit_name": null,
            "unit_size": 0.4,
            "bulk_price": "4.38",
            "unit_price": "1.75",
            "approx_size": false,
            "size_format": "kg",
            "total_units": null,
            "unit_selector": true,
            "bunch_selector": false,
            "drained_weight": 0.205,
            "selling_method": 0,
            "tax_percentage": "10.000",
            "price_decreased": false,
            "reference_price": "8.537",
            "min_bunch_amount": 1,
            "reference_format": "kg",
            "previous_unit_price": null,
            "increment_bunch_amount": 1
          },
          "unavailable_weekdays": []
        },
        {
          "id": "19958",
          "slug": "berenjenas-almagro-alinada-antonio-tarro",
          "limit": 999,
          "badges": {
            "is_water": false,
            "requires_age_check": false
          },
          "status": null,
          "packaging": "Tarro",
          "published": true,
          "share_url": "https://tienda.mercadona.es/product/19958/berenjenas-almagro-alinada-antonio-tarro",
          "thumbnail": "https://prod-mercadona.imgix.net/images/29cc64563a0cc15f57fcf9679a36ebb5.jpg?fit=crop&h=300&w=300",
          "categories": [
            {
              "id": 15,
              "name": "Aperitivos",
              "level": 0,
              "order": 9
            }
          ],
          "display_name": "Berenjenas de Almagro aliñada Antonio",
          "unavailable_from": null,
          "price_instructions": {
            "iva": null,
            "is_new": false,
            "is_pack": false,
            "pack_size": null,
            "unit_name": null,
            "unit_size": 0.68,
            "bulk_price": "5.28",
            "unit_price": "3.59",
            "approx_size": false,
            "size_format": "kg",
            "total_units": null,
            "unit_selector": true,
            "bunch_selector": false,
            "drained_weight": 0.35,
            "selling_method": 0,
            "tax_percentage": "10.000",
            "price_decreased": false,
            "reference_price": "10.258",
            "min_bunch_amount": 1,
            "reference_format": "kg",
            "previous_unit_price": null,
            "increment_bunch_amount": 1
          },
          "unavailable_weekdays": []
        }
      ]
    }
  ]
}
